<marcxml:record xmlns:xlink="http://www.w3.org/1999/xlink" xmlns:marcxml="http://www.loc.gov/MARC21/slim" xmlns:mets="http://www.loc.gov/METS/" xmlns:mxe="http://www.loc.gov/mxe" xmlns:rdf="http://www.w3.org/1999/02/22-rdf-syntax-ns#" xmlns:rdfs="http://www.w3.org/2000/01/rdf-schema#" xmlns:skos="http://www.w3.org/2004/02/skos/core#" xmlns:madsrdf="http://www.loc.gov/mads/rdf/v1#" xmlns:ri="http://id.loc.gov/ontologies/RecordInfo#" xmlns:sem="http://marklogic.com/semantics">
  <marcxml:leader>01056cz  a2200229n  4500</marcxml:leader>
  <marcxml:controlfield tag="001">n84157413</marcxml:controlfield>
  <marcxml:controlfield tag="003">DLC</marcxml:controlfield>
  <marcxml:controlfield tag="005">19921119103505.5</marcxml:controlfield>
  <marcxml:controlfield tag="008">861219n| acannaab|          |a ana      </marcxml:controlfield>
  <marcxml:datafield tag="010" ind1=" " ind2=" ">
    <marcxml:subfield code="a">n  84157413 </marcxml:subfield>
  </marcxml:datafield>
  <marcxml:datafield tag="040" ind1=" " ind2=" ">
    <marcxml:subfield code="a">DLC</marcxml:subfield>
    <marcxml:subfield code="c">DLC</marcxml:subfield>
    <marcxml:subfield code="d">NjP</marcxml:subfield>
    <marcxml:subfield code="d">DLC</marcxml:subfield>
  </marcxml:datafield>
  <marcxml:datafield tag="110" ind1="2" ind2="0">
    <marcxml:subfield code="a">S. Miniato al Monte (Church : Florence, Italy)</marcxml:subfield>
  </marcxml:datafield>
  <marcxml:datafield tag="410" ind1="2" ind2="0">
    <marcxml:subfield code="a">San Miniato al Monte (Church : Florence, Italy)</marcxml:subfield>
  </marcxml:datafield>
  <marcxml:datafield tag="410" ind1="2" ind2="0">
    <marcxml:subfield code="a">Basílica de São Miniato ao Monte (Florence, Italy)</marcxml:subfield>
  </marcxml:datafield>
  <marcxml:datafield tag="410" ind1="2" ind2="0">
    <marcxml:subfield code="a">Basilica di San Miniato al Monte (Florence, Italy)</marcxml:subfield>
  </marcxml:datafield>
  <marcxml:datafield tag="410" ind1="1" ind2="0">
    <marcxml:subfield code="w">nnaa</marcxml:subfield>
    <marcxml:subfield code="a">Florence.</marcxml:subfield>
    <marcxml:subfield code="b">San Miniato al Monte (Church)</marcxml:subfield>
  </marcxml:datafield>
  <marcxml:datafield tag="410" ind1="1" ind2="0">
    <marcxml:subfield code="a">Florence (Italy).</marcxml:subfield>
    <marcxml:subfield code="b">S. Miniato al Monte (Church)</marcxml:subfield>
  </marcxml:datafield>
  <marcxml:datafield tag="670" ind1=" " ind2=" ">
    <marcxml:subfield code="a">Atanázio, M. C. M. A arte em Florença no séc. XV ... 1983:</marcxml:subfield>
    <marcxml:subfield code="b">p. 1 of plates (Basílica de São Miniato ao Monte, Florence)</marcxml:subfield>
  </marcxml:datafield>
  <marcxml:datafield tag="670" ind1=" " ind2=" ">
    <marcxml:subfield code="a">GEV</marcxml:subfield>
    <marcxml:subfield code="b">(under Firenze: S. Miniato al Monte)</marcxml:subfield>
  </marcxml:datafield>
  <marcxml:datafield tag="670" ind1=" " ind2=" ">
    <marcxml:subfield code="a">Encic. ital.</marcxml:subfield>
    <marcxml:subfield code="b">(under Firenze: S. Miniato al Monte)</marcxml:subfield>
  </marcxml:datafield>
  <marcxml:datafield tag="670" ind1=" " ind2=" ">
    <marcxml:subfield code="a">Gurrieri, F. La Basilica di San Miniato al Monte a Firenze, c1988.</marcxml:subfield>
  </marcxml:datafield>
  <marcxml:datafield tag="670" ind1=" " ind2=" ">
    <marcxml:subfield code="a">LC data base, 11-19-92</marcxml:subfield>
    <marcxml:subfield code="b">(old cat. hdg.: Florence. San Miniato al Monte (Church))</marcxml:subfield>
  </marcxml:datafield>
</marcxml:record>
